@article{Stillwell,
  title={Il teorema fondamentale del calcolo},
  author={John.~Stillwell},
  pages={99--129},
  year={1973},
  publisher = {Einaudi, La matematica, Volume I, ``I luoghi e i tempi''}
}

@article{Giorello,
  author = {Giulio.~Giorello e Corrado.Sinigaglia},
  year = {2001},
  title = {Fermat},
  pages={26--27},
  publisher = {Le Scienze, collana \emph{I grandi della scienza}, numero 24}
}

@article{Giusti,
  author = {Enrico.~Giusti},
  year = {2016},
  title = {Dalla Géométrie al calcolo: il problema delle tangenti e le origini del calcolo infinitesimale},
  publisher = {\emph{Matematica,Cultura e Società. 
        Rivista dell'Unione Matematica Italiana}, Serie 1, Vol.1},
  pages={209--239}
}

@article{Bourbaki,
  author = {Nikolas.~Bourbaki},
  year = {1963},
  title = {Elementi di storia della matematica. \emph{Calcolo infinitesimale}, Cap.sedicesimo},
  publisher = {Feltrinelli},
  pages={171--211}
}


